<collection xmlns="http://www.loc.gov/MARC21/slim">
<record>
  <leader>02949nam0a2200481 i 450 </leader>
  <controlfield tag="001">IT\ICCU\CNCE\023259</controlfield>
  <controlfield tag="005">20110810000000.0</controlfield>
  <datafield tag="012" ind1=" " ind2=" ">
    <subfield code="a">item s,e- e,us tumi (3) 1555 (R)</subfield>
    <subfield code="2">fei</subfield>
  </datafield>
  <datafield tag="100" ind1=" " ind2=" ">
    <subfield code="a">19970701d1555        0itac0103    ba</subfield>
  </datafield>
  <datafield tag="101" ind1=" " ind2=" ">
    <subfield code="a">LAT</subfield>
  </datafield>
  <datafield tag="102" ind1=" " ind2=" ">
    <subfield code="a">IT</subfield>
  </datafield>
  <datafield tag="200" ind1="1" ind2=" ">
    <subfield code="a">℗Publii Ouidii Nasonis poetae Sulmonensis ℗De ponticis elegiis libri IIII. Cum et accuratissima et absolutissima Bartholomaei Merulae enarratione, nec non Viti Amerpachii, Iacobi Mycilli, ac Philippi Melanchtonis loculentis annotationibus deprauata loca elucidantibus. Additis candidissimis omnium elegiarum argumentis. Quibus praeterea post teutonicam impressionem oculatior accessit castigatio. Adest et in fine locuples memorabilium, et uerborum index</subfield>
  </datafield>
  <datafield tag="210" ind1=" " ind2=" ">
    <subfield code="a">Brixiae</subfield>
    <subfield code="c">Ludouicus Britannicus</subfield>
    <subfield code="d">1555</subfield>
  </datafield>
  <datafield tag="215" ind1=" " ind2=" ">
    <subfield code="a">160, \8! p.</subfield>
    <subfield code="d">4ʻ</subfield>
  </datafield>
  <datafield tag="620" ind1=" " ind2=" ">
    <subfield code="a">IT</subfield>
    <subfield code="d">Brescia</subfield>
  </datafield>
  <datafield tag="700" ind1=" " ind2="1">
    <subfield code="a">Ovidius Naso,</subfield>
    <subfield code="b">Publius</subfield>
    <subfield code="3">IT\ICCU\CNCA\003076</subfield>
  </datafield>
  <datafield tag="702" ind1=" " ind2="1">
    <subfield code="a">Merula,</subfield>
    <subfield code="b">Bartolomeo</subfield>
    <subfield code="3">IT\ICCU\CNCA\009897</subfield>
  </datafield>
  <datafield tag="702" ind1=" " ind2="1">
    <subfield code="a">Moltzer,</subfield>
    <subfield code="b">Jacob</subfield>
    <subfield code="3">IT\ICCU\CNCA\012454</subfield>
  </datafield>
  <datafield tag="702" ind1=" " ind2="1">
    <subfield code="a">Amerbach,</subfield>
    <subfield code="b">Veit</subfield>
    <subfield code="3">IT\ICCU\CNCA\020498</subfield>
  </datafield>
  <datafield tag="702" ind1=" " ind2="1">
    <subfield code="a">Melanchthon,</subfield>
    <subfield code="b">Philippus</subfield>
    <subfield code="3">IT\ICCU\CNCA\000089</subfield>
  </datafield>
  <datafield tag="712" ind1="0" ind2="0">
    <subfield code="a">Britannico, Lodovico</subfield>
    <subfield code="c"> &lt;1.&gt;</subfield>
    <subfield code="3">IT\ICCU\CNCT\000930</subfield>
    <subfield code="4">650</subfield>
  </datafield>
  <datafield tag="790" ind1=" " ind2="0">
    <subfield code="a">Ovidius</subfield>
    <subfield code="3">IT\ICCU\CNCA\022433</subfield>
    <subfield code="z">Ovidius Naso, Publius</subfield>
  </datafield>
  <datafield tag="790" ind1=" " ind2="0">
    <subfield code="a">Publius Ovidius Naso</subfield>
    <subfield code="3">IT\ICCU\CNCA\022434</subfield>
    <subfield code="z">Ovidius Naso, Publius</subfield>
  </datafield>
  <datafield tag="790" ind1=" " ind2="1">
    <subfield code="a">Merula,</subfield>
    <subfield code="b">Bartholomaeus</subfield>
    <subfield code="3">IT\ICCU\CNCA\022768</subfield>
    <subfield code="z">Merula, Bartolomeo</subfield>
  </datafield>
  <datafield tag="790" ind1=" " ind2="1">
    <subfield code="a">Micyllus,</subfield>
    <subfield code="b">Jacobus</subfield>
    <subfield code="3">IT\ICCU\CNCA\022781</subfield>
    <subfield code="z">Moltzer, Jacob</subfield>
  </datafield>
  <datafield tag="790" ind1=" " ind2="1">
    <subfield code="a">Amerbachius,</subfield>
    <subfield code="b">Vitus</subfield>
    <subfield code="3">IT\ICCU\CNCA\021039</subfield>
    <subfield code="z">Amerbach, Veit</subfield>
  </datafield>
  <datafield tag="790" ind1=" " ind2="1">
    <subfield code="a">Melantone,</subfield>
    <subfield code="b">Filippo</subfield>
    <subfield code="3">IT\ICCU\CNCA\014651</subfield>
    <subfield code="z">Melanchthon, Philippus</subfield>
  </datafield>
  <datafield tag="791" ind1="0" ind2="2">
    <subfield code="a">℗In aedibus ℗Divae Margaritae</subfield>
    <subfield code="c"> &lt;1535&gt;</subfield>
    <subfield code="3">IT\ICCU\CNCT\003052</subfield>
    <subfield code="z">Britannico, Lodovico &lt;1.&gt;</subfield>
  </datafield>
  <datafield tag="791" ind1="0" ind2="0">
    <subfield code="a">Britanico, Lodovico</subfield>
    <subfield code="3">IT\ICCU\CNCT\004780</subfield>
    <subfield code="z">Britannico, Lodovico &lt;1.&gt;</subfield>
  </datafield>
  <datafield tag="791" ind1="0" ind2="0">
    <subfield code="a">Britannicus, Ludovicus</subfield>
    <subfield code="c"> &lt;1&gt;</subfield>
    <subfield code="3">IT\ICCU\CNCT\004781</subfield>
    <subfield code="z">Britannico, Lodovico &lt;1.&gt;</subfield>
  </datafield>
  <datafield tag="791" ind1="0" ind2="2">
    <subfield code="a">Chalcographia Britannica</subfield>
    <subfield code="3">IT\ICCU\CNCT\004782</subfield>
    <subfield code="z">Britannico, Lodovico &lt;1.&gt;</subfield>
  </datafield>
  <datafield tag="801" ind1=" " ind2="3">
    <subfield code="a">IT</subfield>
    <subfield code="b">ICCU</subfield>
    <subfield code="c">20201114</subfield>
  </datafield>
  <datafield tag="899" ind1=" " ind2=" ">
    <subfield code="a"></subfield>
    <subfield code="1">BS0156</subfield>
    <subfield code="2">ZBS 07</subfield>
  </datafield>
  <datafield tag="899" ind1=" " ind2=" ">
    <subfield code="a">Biblioteca universitaria. Genova</subfield>
    <subfield code="1">GE0038</subfield>
    <subfield code="2">LIG 01</subfield>
  </datafield>
  <datafield tag="899" ind1=" " ind2=" ">
    <subfield code="a">Biblioteca D&apos;Arco. Mantova</subfield>
    <subfield code="1">MN0034</subfield>
    <subfield code="2">LO1 9A</subfield>
  </datafield>
  <datafield tag="899" ind1=" " ind2=" ">
    <subfield code="a">Biblioteca Domus Pasotelli. Bozzolo</subfield>
    <subfield code="1">MN0153</subfield>
    <subfield code="2">ZMN 16</subfield>
  </datafield>
  <datafield tag="899" ind1=" " ind2=" ">
    <subfield code="a">Biblioteca Estense Universitaria. Modena</subfield>
    <subfield code="1">MO0089</subfield>
    <subfield code="2">MOD BE</subfield>
  </datafield>
  <datafield tag="899" ind1=" " ind2=" ">
    <subfield code="a">Biblioteca  Panizzi. Reggio Emilia</subfield>
    <subfield code="z">MUTILO</subfield>
    <subfield code="1">RE0052</subfield>
    <subfield code="2">RE2 PA</subfield>
  </datafield>
  <datafield tag="899" ind1=" " ind2=" ">
    <subfield code="a">Biblioteca civica. Verona</subfield>
    <subfield code="z">MUTILO</subfield>
    <subfield code="1">VR0059</subfield>
    <subfield code="2">ZVR 02</subfield>
  </datafield>
  <datafield tag="911" ind1=" " ind2=" ">
    <subfield code="a">Sul front.</subfield>
    <subfield code="9">IT\ICCU\CNCM\001389</subfield>
  </datafield>
  <datafield tag="911" ind1=" " ind2=" ">
    <subfield code="a">In fine</subfield>
    <subfield code="9">IT\ICCU\CNCM\001119</subfield>
  </datafield>
  <datafield tag="921" ind1=" " ind2=" ">
    <subfield code="a">IT\ICCU\CNCM\001389</subfield>
    <subfield code="b">Grifone che regge con l&apos;artiglio una pietra alla quale  ̈incatenato un globo alato.</subfield>
    <subfield code="e">Virtute duce comite fortuna</subfield>
    <subfield code="c">U326</subfield>
    <subfield code="d">Dimensioni: 2,9 x 4,6</subfield>
    <subfield code="f">GRIFONE</subfield>
    <subfield code="g">1554-1593</subfield>
  </datafield>
  <datafield tag="921" ind1=" " ind2=" ">
    <subfield code="a">IT\ICCU\CNCM\001119</subfield>
    <subfield code="b">Grifone su prato.</subfield>
    <subfield code="e">Virtute duce comite fortuna</subfield>
    <subfield code="c">U154</subfield>
    <subfield code="d">Dimensioni escluso il motto: 5,5 x 4</subfield>
    <subfield code="f">GRIFONE</subfield>
    <subfield code="g">1554-1592</subfield>
  </datafield>
</record>
</collection>
